@article{traynor_2009,
    title={Iceland to be fast-tracked into the EU},
    url={https://www.theguardian.com/world/2009/jan/30/iceland-join-eu},
    journal={The Guardian},
    publisher={Guardian Media Group},
    author={Traynor, Ian},
    year={2009},
    month={Janúar}}
@article{icb_wp_26,
    author = {Breedon, Francis og Pétursson, Þórarinn G.},
    title = {Out in the cold? Iceland's trade performance outside the European Union and European Monetary Union},
    journal = {Cambridge Journal of Economics},
    volume = {30},
    number = {5},
    pages = {723-736},
    year = {2006},
    doi = {10.1093/cje/bei105},
    URL = {http://dx.doi.org/10.1093/cje/bei105},
    eprint = {/oup/backfile/content_public/journal/cje/30/5/10.1093/cje/bei105/2/bei105.pdf}
}
